%YAML 1.1
%TAG !u! tag:unity3d.com,2011:
--- !u!29 &1
OcclusionCullingSettings:
  m_ObjectHideFlags: 0
  serializedVersion: 2
  m_OcclusionBakeSettings:
    smallestOccluder: 5
    smallestHole: 0.25
    backfaceThreshold: 100
  m_SceneGUID: 00000000000000000000000000000000
  m_OcclusionCullingData: {fileID: 0}
--- !u!104 &2
RenderSettings:
  m_ObjectHideFlags: 0
  serializedVersion: 8
  m_Fog: 0
  m_FogColor: {r: 0.5, g: 0.5, b: 0.5, a: 1}
  m_FogMode: 3
  m_FogDensity: 0.01
  m_LinearFogStart: 0
  m_LinearFogEnd: 300
  m_AmbientSkyColor: {r: 0.212, g: 0.227, b: 0.259, a: 1}
  m_AmbientEquatorColor: {r: 0.114, g: 0.125, b: 0.133, a: 1}
  m_AmbientGroundColor: {r: 0.047, g: 0.043, b: 0.035, a: 1}
  m_AmbientIntensity: 1
  m_AmbientMode: 0
  m_SubtractiveShadowColor: {r: 0.42, g: 0.478, b: 0.627, a: 1}
  m_SkyboxMaterial: {fileID: 10304, guid: 0000000000000000f000000000000000, type: 0}
  m_HaloStrength: 0.5
  m_FlareStrength: 1
  m_FlareFadeSpeed: 3
  m_HaloTexture: {fileID: 0}
  m_SpotCookie: {fileID: 10001, guid: 0000000000000000e000000000000000, type: 0}
  m_DefaultReflectionMode: 0
  m_DefaultReflectionResolution: 128
  m_ReflectionBounces: 1
  m_ReflectionIntensity: 1
  m_CustomReflection: {fileID: 0}
  m_Sun: {fileID: 0}
  m_IndirectSpecularColor: {r: 0.44657898, g: 0.4964133, b: 0.5748178, a: 1}
--- !u!157 &3
LightmapSettings:
  m_ObjectHideFlags: 0
  serializedVersion: 11
  m_GIWorkflowMode: 0
  m_GISettings:
    serializedVersion: 2
    m_BounceScale: 1
    m_IndirectOutputScale: 1
    m_AlbedoBoost: 1
    m_TemporalCoherenceThreshold: 1
    m_EnvironmentLightingMode: 0
    m_EnableBakedLightmaps: 1
    m_EnableRealtimeLightmaps: 1
  m_LightmapEditorSettings:
    serializedVersion: 9
    m_Resolution: 2
    m_BakeResolution: 40
    m_TextureWidth: 1024
    m_TextureHeight: 1024
    m_AO: 0
    m_AOMaxDistance: 1
    m_CompAOExponent: 1
    m_CompAOExponentDirect: 0
    m_Padding: 2
    m_LightmapParameters: {fileID: 0}
    m_LightmapsBakeMode: 1
    m_TextureCompression: 1
    m_FinalGather: 0
    m_FinalGatherFiltering: 1
    m_FinalGatherRayCount: 256
    m_ReflectionCompression: 2
    m_MixedBakeMode: 2
    m_BakeBackend: 0
    m_PVRSampling: 1
    m_PVRDirectSampleCount: 32
    m_PVRSampleCount: 500
    m_PVRBounces: 2
    m_PVRFilterTypeDirect: 0
    m_PVRFilterTypeIndirect: 0
    m_PVRFilterTypeAO: 0
    m_PVRFilteringMode: 1
    m_PVRCulling: 1
    m_PVRFilteringGaussRadiusDirect: 1
    m_PVRFilteringGaussRadiusIndirect: 5
    m_PVRFilteringGaussRadiusAO: 2
    m_PVRFilteringAtrousPositionSigmaDirect: 0.5
    m_PVRFilteringAtrousPositionSigmaIndirect: 2
    m_PVRFilteringAtrousPositionSigmaAO: 1
    m_ShowResolutionOverlay: 1
  m_LightingDataAsset: {fileID: 0}
  m_UseShadowmask: 1
--- !u!196 &4
NavMeshSettings:
  serializedVersion: 2
  m_ObjectHideFlags: 0
  m_BuildSettings:
    serializedVersion: 2
    agentTypeID: 0
    agentRadius: 0.5
    agentHeight: 2
    agentSlope: 45
    agentClimb: 0.4
    ledgeDropHeight: 0
    maxJumpAcrossDistance: 0
    minRegionArea: 2
    manualCellSize: 0
    cellSize: 0.16666667
    manualTileSize: 0
    tileSize: 256
    accuratePlacement: 0
    debug:
      m_Flags: 0
  m_NavMeshData: {fileID: 0}
--- !u!1 &28763875
GameObject:
  m_ObjectHideFlags: 0
  m_PrefabParentObject: {fileID: 0}
  m_PrefabInternal: {fileID: 0}
  serializedVersion: 5
  m_Component:
  - component: {fileID: 28763876}
  - component: {fileID: 28763877}
  m_Layer: 0
  m_Name: GameManager
  m_TagString: Untagged
  m_Icon: {fileID: 0}
  m_NavMeshLayer: 0
  m_StaticEditorFlags: 0
  m_IsActive: 1
--- !u!4 &28763876
Transform:
  m_ObjectHideFlags: 0
  m_PrefabParentObject: {fileID: 0}
  m_PrefabInternal: {fileID: 0}
  m_GameObject: {fileID: 28763875}
  m_LocalRotation: {x: 0, y: 0, z: 0, w: 1}
  m_LocalPosition: {x: 0, y: 0, z: 0}
  m_LocalScale: {x: 1, y: 1, z: 1}
  m_Children:
  - {fileID: 1295886821}
  m_Father: {fileID: 0}
  m_RootOrder: 1
  m_LocalEulerAnglesHint: {x: 0, y: 0, z: 0}
--- !u!114 &28763877
MonoBehaviour:
  m_ObjectHideFlags: 0
  m_PrefabParentObject: {fileID: 0}
  m_PrefabInternal: {fileID: 0}
  m_GameObject: {fileID: 28763875}
  m_Enabled: 1
  m_EditorHideFlags: 0
  m_Script: {fileID: 11500000, guid: cd17e8a67954a364aa1f5195332a4454, type: 3}
  m_Name: 
  m_EditorClassIdentifier: 
  messages:
  - {fileID: 11400000, guid: 0e3bfb372ab17444794b6f527f9d23fb, type: 2}
  messagePrefab: {fileID: 1532936040780592, guid: a68745d28a3f2d541b326ebaa7c17240,
    type: 2}
  secondsToStart: 3
--- !u!1 &99887630
GameObject:
  m_ObjectHideFlags: 0
  m_PrefabParentObject: {fileID: 0}
  m_PrefabInternal: {fileID: 0}
  serializedVersion: 5
  m_Component:
  - component: {fileID: 99887631}
  - component: {fileID: 99887632}
  m_Layer: 0
  m_Name: as defect
  m_TagString: Untagged
  m_Icon: {fileID: 0}
  m_NavMeshLayer: 0
  m_StaticEditorFlags: 0
  m_IsActive: 1
--- !u!4 &99887631
Transform:
  m_ObjectHideFlags: 0
  m_PrefabParentObject: {fileID: 0}
  m_PrefabInternal: {fileID: 0}
  m_GameObject: {fileID: 99887630}
  m_LocalRotation: {x: -0, y: -0, z: -0, w: 1}
  m_LocalPosition: {x: 0, y: 0, z: 0}
  m_LocalScale: {x: 1, y: 1, z: 1}
  m_Children: []
  m_Father: {fileID: 1295886821}
  m_RootOrder: 1
  m_LocalEulerAnglesHint: {x: 0, y: 0, z: 0}
--- !u!82 &99887632
AudioSource:
  m_ObjectHideFlags: 0
  m_PrefabParentObject: {fileID: 0}
  m_PrefabInternal: {fileID: 0}
  m_GameObject: {fileID: 99887630}
  m_Enabled: 1
  serializedVersion: 4
  OutputAudioMixerGroup: {fileID: 24300002, guid: 715deee8ad2bd07419d3a21e35f5656a,
    type: 2}
  m_audioClip: {fileID: 8300000, guid: 7f585cab00b2c35479c1246326877300, type: 3}
  m_PlayOnAwake: 0
  m_Volume: 1
  m_Pitch: 1
  Loop: 0
  Mute: 0
  Spatialize: 0
  SpatializePostEffects: 0
  Priority: 128
  DopplerLevel: 1
  MinDistance: 1
  MaxDistance: 500
  Pan2D: 0
  rolloffMode: 0
  BypassEffects: 0
  BypassListenerEffects: 0
  BypassReverbZones: 0
  rolloffCustomCurve:
    serializedVersion: 2
    m_Curve:
    - serializedVersion: 2
      time: 0
      value: 1
      inSlope: 0
      outSlope: 0
      tangentMode: 0
    - serializedVersion: 2
      time: 1
      value: 0
      inSlope: 0
      outSlope: 0
      tangentMode: 0
    m_PreInfinity: 2
    m_PostInfinity: 2
    m_RotationOrder: 4
  panLevelCustomCurve:
    serializedVersion: 2
    m_Curve:
    - serializedVersion: 2
      time: 0
      value: 0
      inSlope: 0
      outSlope: 0
      tangentMode: 0
    m_PreInfinity: 2
    m_PostInfinity: 2
    m_RotationOrder: 0
  spreadCustomCurve:
    serializedVersion: 2
    m_Curve:
    - serializedVersion: 2
      time: 0
      value: 0
      inSlope: 0
      outSlope: 0
      tangentMode: 0
    m_PreInfinity: 2
    m_PostInfinity: 2
    m_RotationOrder: 4
  reverbZoneMixCustomCurve:
    serializedVersion: 2
    m_Curve:
    - serializedVersion: 2
      time: 0
      value: 1
      inSlope: 0
      outSlope: 0
      tangentMode: 0
    m_PreInfinity: 2
    m_PostInfinity: 2
    m_RotationOrder: 0
--- !u!114 &211113671 stripped
MonoBehaviour:
  m_PrefabParentObject: {fileID: 114406123102555880, guid: 1f8d4330a9b3f4047a8bfcf35f5dc13e,
    type: 2}
  m_PrefabInternal: {fileID: 1270026312}
  m_Script: {fileID: 11500000, guid: 80b3d2a71eccf7a4cb005bfab29e2279, type: 3}
--- !u!1001 &272858921
Prefab:
  m_ObjectHideFlags: 0
  serializedVersion: 2
  m_Modification:
    m_TransformParent: {fileID: 0}
    m_Modifications:
    - target: {fileID: 4475030741260834, guid: f58342a33befdea4cbdc3d4113ce3468, type: 2}
      propertyPath: m_LocalPosition.x
      value: -4.24
      objectReference: {fileID: 0}
    - target: {fileID: 4475030741260834, guid: f58342a33befdea4cbdc3d4113ce3468, type: 2}
      propertyPath: m_LocalPosition.y
      value: 0.772
      objectReference: {fileID: 0}
    - target: {fileID: 4475030741260834, guid: f58342a33befdea4cbdc3d4113ce3468, type: 2}
      propertyPath: m_LocalPosition.z
      value: 0
      objectReference: {fileID: 0}
    - target: {fileID: 4475030741260834, guid: f58342a33befdea4cbdc3d4113ce3468, type: 2}
      propertyPath: m_LocalRotation.x
      value: 0
      objectReference: {fileID: 0}
    - target: {fileID: 4475030741260834, guid: f58342a33befdea4cbdc3d4113ce3468, type: 2}
      propertyPath: m_LocalRotation.y
      value: 0
      objectReference: {fileID: 0}
    - target: {fileID: 4475030741260834, guid: f58342a33befdea4cbdc3d4113ce3468, type: 2}
      propertyPath: m_LocalRotation.z
      value: 0
      objectReference: {fileID: 0}
    - target: {fileID: 4475030741260834, guid: f58342a33befdea4cbdc3d4113ce3468, type: 2}
      propertyPath: m_LocalRotation.w
      value: 1
      objectReference: {fileID: 0}
    - target: {fileID: 4475030741260834, guid: f58342a33befdea4cbdc3d4113ce3468, type: 2}
      propertyPath: m_RootOrder
      value: 6
      objectReference: {fileID: 0}
    - target: {fileID: 114045477985323330, guid: f58342a33befdea4cbdc3d4113ce3468,
        type: 2}
      propertyPath: timeToPlot
      value: 5
      objectReference: {fileID: 0}
    m_RemovedComponents: []
  m_ParentPrefab: {fileID: 100100000, guid: f58342a33befdea4cbdc3d4113ce3468, type: 2}
  m_IsPrefabParent: 0
--- !u!1 &638824041
GameObject:
  m_ObjectHideFlags: 0
  m_PrefabParentObject: {fileID: 0}
  m_PrefabInternal: {fileID: 0}
  serializedVersion: 5
  m_Component:
  - component: {fileID: 638824045}
  - component: {fileID: 638824044}
  - component: {fileID: 638824043}
  - component: {fileID: 638824042}
  m_Layer: 0
  m_Name: Main Camera
  m_TagString: MainCamera
  m_Icon: {fileID: 0}
  m_NavMeshLayer: 0
  m_StaticEditorFlags: 0
  m_IsActive: 1
--- !u!81 &638824042
AudioListener:
  m_ObjectHideFlags: 0
  m_PrefabParentObject: {fileID: 0}
  m_PrefabInternal: {fileID: 0}
  m_GameObject: {fileID: 638824041}
  m_Enabled: 1
--- !u!124 &638824043
Behaviour:
  m_ObjectHideFlags: 0
  m_PrefabParentObject: {fileID: 0}
  m_PrefabInternal: {fileID: 0}
  m_GameObject: {fileID: 638824041}
  m_Enabled: 1
--- !u!20 &638824044
Camera:
  m_ObjectHideFlags: 0
  m_PrefabParentObject: {fileID: 0}
  m_PrefabInternal: {fileID: 0}
  m_GameObject: {fileID: 638824041}
  m_Enabled: 1
  serializedVersion: 2
  m_ClearFlags: 1
  m_BackGroundColor: {r: 0.19215687, g: 0.3019608, b: 0.4745098, a: 0}
  m_NormalizedViewPortRect:
    serializedVersion: 2
    x: 0
    y: 0
    width: 1
    height: 1
  near clip plane: 0.3
  far clip plane: 1000
  field of view: 60
  orthographic: 0
  orthographic size: 5
  m_Depth: -1
  m_CullingMask:
    serializedVersion: 2
    m_Bits: 4294967295
  m_RenderingPath: -1
  m_TargetTexture: {fileID: 0}
  m_TargetDisplay: 0
  m_TargetEye: 3
  m_HDR: 1
  m_AllowMSAA: 1
  m_AllowDynamicResolution: 0
  m_ForceIntoRT: 0
  m_OcclusionCulling: 1
  m_StereoConvergence: 10
  m_StereoSeparation: 0.022
--- !u!4 &638824045
Transform:
  m_ObjectHideFlags: 0
  m_PrefabParentObject: {fileID: 0}
  m_PrefabInternal: {fileID: 0}
  m_GameObject: {fileID: 638824041}
  m_LocalRotation: {x: 0.2588191, y: 0, z: 0, w: 0.9659258}
  m_LocalPosition: {x: 0, y: 5, z: -8}
  m_LocalScale: {x: 1, y: 1, z: 1}
  m_Children: []
  m_Father: {fileID: 0}
  m_RootOrder: 0
  m_LocalEulerAnglesHint: {x: 30, y: 0, z: 0}
--- !u!1 &990125530
GameObject:
  m_ObjectHideFlags: 0
  m_PrefabParentObject: {fileID: 0}
  m_PrefabInternal: {fileID: 0}
  serializedVersion: 5
  m_Component:
  - component: {fileID: 990125532}
  - component: {fileID: 990125531}
  m_Layer: 0
  m_Name: Directional Light
  m_TagString: Untagged
  m_Icon: {fileID: 0}
  m_NavMeshLayer: 0
  m_StaticEditorFlags: 0
  m_IsActive: 1
--- !u!108 &990125531
Light:
  m_ObjectHideFlags: 0
  m_PrefabParentObject: {fileID: 0}
  m_PrefabInternal: {fileID: 0}
  m_GameObject: {fileID: 990125530}
  m_Enabled: 1
  serializedVersion: 8
  m_Type: 1
  m_Color: {r: 1, g: 0.95686275, b: 0.8392157, a: 1}
  m_Intensity: 1
  m_Range: 10
  m_SpotAngle: 30
  m_CookieSize: 10
  m_Shadows:
    m_Type: 2
    m_Resolution: -1
    m_CustomResolution: -1
    m_Strength: 1
    m_Bias: 0.05
    m_NormalBias: 0.4
    m_NearPlane: 0.2
  m_Cookie: {fileID: 0}
  m_DrawHalo: 0
  m_Flare: {fileID: 0}
  m_RenderMode: 0
  m_CullingMask:
    serializedVersion: 2
    m_Bits: 4294967295
  m_Lightmapping: 4
  m_AreaSize: {x: 1, y: 1}
  m_BounceIntensity: 1
  m_ColorTemperature: 6570
  m_UseColorTemperature: 0
  m_ShadowRadius: 0
  m_ShadowAngle: 0
--- !u!4 &990125532
Transform:
  m_ObjectHideFlags: 0
  m_PrefabParentObject: {fileID: 0}
  m_PrefabInternal: {fileID: 0}
  m_GameObject: {fileID: 990125530}
  m_LocalRotation: {x: 0.40821788, y: -0.23456968, z: 0.10938163, w: 0.8754261}
  m_LocalPosition: {x: 0, y: 3, z: 0}
  m_LocalScale: {x: 1, y: 1, z: 1}
  m_Children: []
  m_Father: {fileID: 0}
  m_RootOrder: 2
  m_LocalEulerAnglesHint: {x: 50, y: -30, z: 0}
--- !u!1001 &1119292328
Prefab:
  m_ObjectHideFlags: 0
  serializedVersion: 2
  m_Modification:
    m_TransformParent: {fileID: 0}
    m_Modifications:
    - target: {fileID: 4463957282403806, guid: 27c39fdbce305d74bb155e9ddfddeff1, type: 2}
      propertyPath: m_LocalPosition.x
      value: 3
      objectReference: {fileID: 0}
    - target: {fileID: 4463957282403806, guid: 27c39fdbce305d74bb155e9ddfddeff1, type: 2}
      propertyPath: m_LocalPosition.y
      value: 0.75
      objectReference: {fileID: 0}
    - target: {fileID: 4463957282403806, guid: 27c39fdbce305d74bb155e9ddfddeff1, type: 2}
      propertyPath: m_LocalPosition.z
      value: -2.21
      objectReference: {fileID: 0}
    - target: {fileID: 4463957282403806, guid: 27c39fdbce305d74bb155e9ddfddeff1, type: 2}
      propertyPath: m_LocalRotation.x
      value: 0
      objectReference: {fileID: 0}
    - target: {fileID: 4463957282403806, guid: 27c39fdbce305d74bb155e9ddfddeff1, type: 2}
      propertyPath: m_LocalRotation.y
      value: 0
      objectReference: {fileID: 0}
    - target: {fileID: 4463957282403806, guid: 27c39fdbce305d74bb155e9ddfddeff1, type: 2}
      propertyPath: m_LocalRotation.z
      value: 0
      objectReference: {fileID: 0}
    - target: {fileID: 4463957282403806, guid: 27c39fdbce305d74bb155e9ddfddeff1, type: 2}
      propertyPath: m_LocalRotation.w
      value: 1
      objectReference: {fileID: 0}
    - target: {fileID: 4463957282403806, guid: 27c39fdbce305d74bb155e9ddfddeff1, type: 2}
      propertyPath: m_RootOrder
      value: 8
      objectReference: {fileID: 0}
    - target: {fileID: 114757687140992746, guid: 27c39fdbce305d74bb155e9ddfddeff1,
        type: 2}
      propertyPath: slotables.Array.data[0]
      value: 
      objectReference: {fileID: 1656359490}
    - target: {fileID: 114757687140992746, guid: 27c39fdbce305d74bb155e9ddfddeff1,
        type: 2}
      propertyPath: slotables.Array.data[1]
      value: 
      objectReference: {fileID: 1323124477}
    - target: {fileID: 114757687140992746, guid: 27c39fdbce305d74bb155e9ddfddeff1,
        type: 2}
      propertyPath: slotables.Array.data[2]
      value: 
      objectReference: {fileID: 211113671}
    - target: {fileID: 114757687140992746, guid: 27c39fdbce305d74bb155e9ddfddeff1,
        type: 2}
      propertyPath: slotables.Array.data[3]
      value: 
      objectReference: {fileID: 1770835121}
    - target: {fileID: 114757687140992746, guid: 27c39fdbce305d74bb155e9ddfddeff1,
        type: 2}
      propertyPath: slotables.Array.data[4]
      value: 
      objectReference: {fileID: 1798893184}
    m_RemovedComponents: []
  m_ParentPrefab: {fileID: 100100000, guid: 27c39fdbce305d74bb155e9ddfddeff1, type: 2}
  m_IsPrefabParent: 0
--- !u!1 &1236686516
GameObject:
  m_ObjectHideFlags: 0
  m_PrefabParentObject: {fileID: 0}
  m_PrefabInternal: {fileID: 0}
  serializedVersion: 5
  m_Component:
  - component: {fileID: 1236686517}
  - component: {fileID: 1236686518}
  m_Layer: 0
  m_Name: as noise
  m_TagString: Untagged
  m_Icon: {fileID: 0}
  m_NavMeshLayer: 0
  m_StaticEditorFlags: 0
  m_IsActive: 1
--- !u!4 &1236686517
Transform:
  m_ObjectHideFlags: 0
  m_PrefabParentObject: {fileID: 0}
  m_PrefabInternal: {fileID: 0}
  m_GameObject: {fileID: 1236686516}
  m_LocalRotation: {x: 0, y: 0, z: 0, w: 1}
  m_LocalPosition: {x: 0, y: 0, z: 0}
  m_LocalScale: {x: 1, y: 1, z: 1}
  m_Children: []
  m_Father: {fileID: 1295886821}
  m_RootOrder: 0
  m_LocalEulerAnglesHint: {x: 0, y: 0, z: 0}
--- !u!82 &1236686518
AudioSource:
  m_ObjectHideFlags: 0
  m_PrefabParentObject: {fileID: 0}
  m_PrefabInternal: {fileID: 0}
  m_GameObject: {fileID: 1236686516}
  m_Enabled: 1
  serializedVersion: 4
  OutputAudioMixerGroup: {fileID: 24300002, guid: 715deee8ad2bd07419d3a21e35f5656a,
    type: 2}
  m_audioClip: {fileID: 8300000, guid: bd89d2a721b342b44915c19b0b25e10d, type: 3}
  m_PlayOnAwake: 0
  m_Volume: 0.8
  m_Pitch: 1
  Loop: 1
  Mute: 0
  Spatialize: 0
  SpatializePostEffects: 0
  Priority: 128
  DopplerLevel: 1
  MinDistance: 1
  MaxDistance: 500
  Pan2D: 0
  rolloffMode: 0
  BypassEffects: 0
  BypassListenerEffects: 0
  BypassReverbZones: 0
  rolloffCustomCurve:
    serializedVersion: 2
    m_Curve:
    - serializedVersion: 2
      time: 0
      value: 1
      inSlope: 0
      outSlope: 0
      tangentMode: 0
    - serializedVersion: 2
      time: 1
      value: 0
      inSlope: 0
      outSlope: 0
      tangentMode: 0
    m_PreInfinity: 2
    m_PostInfinity: 2
    m_RotationOrder: 4
  panLevelCustomCurve:
    serializedVersion: 2
    m_Curve:
    - serializedVersion: 2
      time: 0
      value: 0
      inSlope: 0
      outSlope: 0
      tangentMode: 0
    m_PreInfinity: 2
    m_PostInfinity: 2
    m_RotationOrder: 0
  spreadCustomCurve:
    serializedVersion: 2
    m_Curve:
    - serializedVersion: 2
      time: 0
      value: 0
      inSlope: 0
      outSlope: 0
      tangentMode: 0
    m_PreInfinity: 2
    m_PostInfinity: 2
    m_RotationOrder: 4
  reverbZoneMixCustomCurve:
    serializedVersion: 2
    m_Curve:
    - serializedVersion: 2
      time: 0
      value: 1
      inSlope: 0
      outSlope: 0
      tangentMode: 0
    m_PreInfinity: 2
    m_PostInfinity: 2
    m_RotationOrder: 0
--- !u!1001 &1270026312
Prefab:
  m_ObjectHideFlags: 0
  serializedVersion: 2
  m_Modification:
    m_TransformParent: {fileID: 0}
    m_Modifications:
    - target: {fileID: 4901479989630032, guid: 1f8d4330a9b3f4047a8bfcf35f5dc13e, type: 2}
      propertyPath: m_LocalPosition.x
      value: 0
      objectReference: {fileID: 0}
    - target: {fileID: 4901479989630032, guid: 1f8d4330a9b3f4047a8bfcf35f5dc13e, type: 2}
      propertyPath: m_LocalPosition.y
      value: 1.16
      objectReference: {fileID: 0}
    - target: {fileID: 4901479989630032, guid: 1f8d4330a9b3f4047a8bfcf35f5dc13e, type: 2}
      propertyPath: m_LocalPosition.z
      value: -3.95
      objectReference: {fileID: 0}
    - target: {fileID: 4901479989630032, guid: 1f8d4330a9b3f4047a8bfcf35f5dc13e, type: 2}
      propertyPath: m_LocalRotation.x
      value: 0
      objectReference: {fileID: 0}
    - target: {fileID: 4901479989630032, guid: 1f8d4330a9b3f4047a8bfcf35f5dc13e, type: 2}
      propertyPath: m_LocalRotation.y
      value: 0
      objectReference: {fileID: 0}
    - target: {fileID: 4901479989630032, guid: 1f8d4330a9b3f4047a8bfcf35f5dc13e, type: 2}
      propertyPath: m_LocalRotation.z
      value: 0
      objectReference: {fileID: 0}
    - target: {fileID: 4901479989630032, guid: 1f8d4330a9b3f4047a8bfcf35f5dc13e, type: 2}
      propertyPath: m_LocalRotation.w
      value: 1
      objectReference: {fileID: 0}
    - target: {fileID: 4901479989630032, guid: 1f8d4330a9b3f4047a8bfcf35f5dc13e, type: 2}
      propertyPath: m_RootOrder
      value: 7
      objectReference: {fileID: 0}
    - target: {fileID: 4906173607747720, guid: 1f8d4330a9b3f4047a8bfcf35f5dc13e, type: 2}
      propertyPath: m_LocalScale.y
      value: 0.09
      objectReference: {fileID: 0}
    - target: {fileID: 4461128919903416, guid: 1f8d4330a9b3f4047a8bfcf35f5dc13e, type: 2}
      propertyPath: m_LocalScale.y
      value: 0.09
      objectReference: {fileID: 0}
    - target: {fileID: 4464944230101680, guid: 1f8d4330a9b3f4047a8bfcf35f5dc13e, type: 2}
      propertyPath: m_LocalScale.y
      value: 0.09
      objectReference: {fileID: 0}
    - target: {fileID: 4315443932949490, guid: 1f8d4330a9b3f4047a8bfcf35f5dc13e, type: 2}
      propertyPath: m_LocalScale.y
      value: 0.09
      objectReference: {fileID: 0}
    - target: {fileID: 4295296439684888, guid: 1f8d4330a9b3f4047a8bfcf35f5dc13e, type: 2}
      propertyPath: m_LocalScale.y
      value: 0.09
      objectReference: {fileID: 0}
    - target: {fileID: 4906173607747720, guid: 1f8d4330a9b3f4047a8bfcf35f5dc13e, type: 2}
      propertyPath: m_LocalPosition.y
      value: -0.6
      objectReference: {fileID: 0}
    - target: {fileID: 4461128919903416, guid: 1f8d4330a9b3f4047a8bfcf35f5dc13e, type: 2}
      propertyPath: m_LocalPosition.y
      value: -0.6
      objectReference: {fileID: 0}
    - target: {fileID: 4464944230101680, guid: 1f8d4330a9b3f4047a8bfcf35f5dc13e, type: 2}
      propertyPath: m_LocalPosition.y
      value: -0.6
      objectReference: {fileID: 0}
    - target: {fileID: 4315443932949490, guid: 1f8d4330a9b3f4047a8bfcf35f5dc13e, type: 2}
      propertyPath: m_LocalPosition.y
      value: -0.6
      objectReference: {fileID: 0}
    - target: {fileID: 4295296439684888, guid: 1f8d4330a9b3f4047a8bfcf35f5dc13e, type: 2}
      propertyPath: m_LocalPosition.y
      value: -0.6
      objectReference: {fileID: 0}
    - target: {fileID: 23981397423826546, guid: 1f8d4330a9b3f4047a8bfcf35f5dc13e,
        type: 2}
      propertyPath: m_Materials.Array.data[0]
      value: 
      objectReference: {fileID: 2100000, guid: 76ac126e808e3c942bc32d6cab00a95d, type: 2}
    - target: {fileID: 23876668078682890, guid: 1f8d4330a9b3f4047a8bfcf35f5dc13e,
        type: 2}
      propertyPath: m_Materials.Array.data[0]
      value: 
      objectReference: {fileID: 2100000, guid: 76ac126e808e3c942bc32d6cab00a95d, type: 2}
    - target: {fileID: 23463733841020788, guid: 1f8d4330a9b3f4047a8bfcf35f5dc13e,
        type: 2}
      propertyPath: m_Materials.Array.data[0]
      value: 
      objectReference: {fileID: 2100000, guid: 76ac126e808e3c942bc32d6cab00a95d, type: 2}
    - target: {fileID: 23368293237099428, guid: 1f8d4330a9b3f4047a8bfcf35f5dc13e,
        type: 2}
      propertyPath: m_Materials.Array.data[0]
      value: 
      objectReference: {fileID: 2100000, guid: 76ac126e808e3c942bc32d6cab00a95d, type: 2}
    - target: {fileID: 23113642141714510, guid: 1f8d4330a9b3f4047a8bfcf35f5dc13e,
        type: 2}
      propertyPath: m_Materials.Array.data[0]
      value: 
      objectReference: {fileID: 2100000, guid: 76ac126e808e3c942bc32d6cab00a95d, type: 2}
    m_RemovedComponents:
    - {fileID: 114175939856016368, guid: 1f8d4330a9b3f4047a8bfcf35f5dc13e, type: 2}
    - {fileID: 114967656331074092, guid: 1f8d4330a9b3f4047a8bfcf35f5dc13e, type: 2}
    - {fileID: 114852071120677194, guid: 1f8d4330a9b3f4047a8bfcf35f5dc13e, type: 2}
    - {fileID: 114288180832988604, guid: 1f8d4330a9b3f4047a8bfcf35f5dc13e, type: 2}
    - {fileID: 114574700457714714, guid: 1f8d4330a9b3f4047a8bfcf35f5dc13e, type: 2}
  m_ParentPrefab: {fileID: 100100000, guid: 1f8d4330a9b3f4047a8bfcf35f5dc13e, type: 2}
  m_IsPrefabParent: 0
--- !u!1 &1295886820
GameObject:
  m_ObjectHideFlags: 0
  m_PrefabParentObject: {fileID: 0}
  m_PrefabInternal: {fileID: 0}
  serializedVersion: 5
  m_Component:
  - component: {fileID: 1295886821}
  - component: {fileID: 1295886822}
  m_Layer: 0
  m_Name: AudioMain
  m_TagString: Untagged
  m_Icon: {fileID: 0}
  m_NavMeshLayer: 0
  m_StaticEditorFlags: 0
  m_IsActive: 1
--- !u!4 &1295886821
Transform:
  m_ObjectHideFlags: 0
  m_PrefabParentObject: {fileID: 0}
  m_PrefabInternal: {fileID: 0}
  m_GameObject: {fileID: 1295886820}
  m_LocalRotation: {x: -0, y: -0, z: -0, w: 1}
  m_LocalPosition: {x: 0, y: 0, z: 0}
  m_LocalScale: {x: 1, y: 1, z: 1}
  m_Children:
  - {fileID: 1236686517}
  - {fileID: 99887631}
  m_Father: {fileID: 28763876}
  m_RootOrder: 0
  m_LocalEulerAnglesHint: {x: 0, y: 0, z: 0}
--- !u!114 &1295886822
MonoBehaviour:
  m_ObjectHideFlags: 0
  m_PrefabParentObject: {fileID: 0}
  m_PrefabInternal: {fileID: 0}
  m_GameObject: {fileID: 1295886820}
  m_Enabled: 1
  m_EditorHideFlags: 0
  m_Script: {fileID: 11500000, guid: a86449bf9ab21e943b749ad2a3e7b8fb, type: 3}
  m_Name: 
  m_EditorClassIdentifier: 
  effectsMixers:
  - {fileID: 243971132534887818, guid: ea287b4e5d2ac94489ac4ef8f13bbd42, type: 2}
  - {fileID: 243838376947108876, guid: ea287b4e5d2ac94489ac4ef8f13bbd42, type: 2}
  - {fileID: 243201108013660864, guid: ea287b4e5d2ac94489ac4ef8f13bbd42, type: 2}
  - {fileID: 243023480758972312, guid: ea287b4e5d2ac94489ac4ef8f13bbd42, type: 2}
  - {fileID: 243380477183657076, guid: ea287b4e5d2ac94489ac4ef8f13bbd42, type: 2}
  - {fileID: 243287714237338984, guid: ea287b4e5d2ac94489ac4ef8f13bbd42, type: 2}
  - {fileID: 243506212088563120, guid: ea287b4e5d2ac94489ac4ef8f13bbd42, type: 2}
  - {fileID: 243105337804389846, guid: ea287b4e5d2ac94489ac4ef8f13bbd42, type: 2}
  - {fileID: 243251924023288420, guid: ea287b4e5d2ac94489ac4ef8f13bbd42, type: 2}
  - {fileID: 243800414328101656, guid: ea287b4e5d2ac94489ac4ef8f13bbd42, type: 2}
  - {fileID: 243441150165873642, guid: ea287b4e5d2ac94489ac4ef8f13bbd42, type: 2}
  - {fileID: 243216239051213182, guid: ea287b4e5d2ac94489ac4ef8f13bbd42, type: 2}
  - {fileID: 243516353366450378, guid: ea287b4e5d2ac94489ac4ef8f13bbd42, type: 2}
  - {fileID: 243252329906805794, guid: ea287b4e5d2ac94489ac4ef8f13bbd42, type: 2}
  - {fileID: 243750646404454722, guid: ea287b4e5d2ac94489ac4ef8f13bbd42, type: 2}
  audioDefect: {fileID: 99887632}
  audioNoise: {fileID: 1236686518}
--- !u!114 &1323124477 stripped
MonoBehaviour:
  m_PrefabParentObject: {fileID: 114103033065456556, guid: 1f8d4330a9b3f4047a8bfcf35f5dc13e,
    type: 2}
  m_PrefabInternal: {fileID: 1270026312}
  m_Script: {fileID: 11500000, guid: 80b3d2a71eccf7a4cb005bfab29e2279, type: 3}
--- !u!1001 &1639178505
Prefab:
  m_ObjectHideFlags: 0
  serializedVersion: 2
  m_Modification:
    m_TransformParent: {fileID: 0}
    m_Modifications:
    - target: {fileID: 4925482411025126, guid: 49ea1dd267cf09a49b51b44a3b51b4fd, type: 2}
      propertyPath: m_LocalPosition.x
      value: 0
      objectReference: {fileID: 0}
    - target: {fileID: 4925482411025126, guid: 49ea1dd267cf09a49b51b44a3b51b4fd, type: 2}
      propertyPath: m_LocalPosition.y
      value: 0.9
      objectReference: {fileID: 0}
    - target: {fileID: 4925482411025126, guid: 49ea1dd267cf09a49b51b44a3b51b4fd, type: 2}
      propertyPath: m_LocalPosition.z
      value: 0
      objectReference: {fileID: 0}
    - target: {fileID: 4925482411025126, guid: 49ea1dd267cf09a49b51b44a3b51b4fd, type: 2}
      propertyPath: m_LocalRotation.x
      value: 0
      objectReference: {fileID: 0}
    - target: {fileID: 4925482411025126, guid: 49ea1dd267cf09a49b51b44a3b51b4fd, type: 2}
      propertyPath: m_LocalRotation.y
      value: 0
      objectReference: {fileID: 0}
    - target: {fileID: 4925482411025126, guid: 49ea1dd267cf09a49b51b44a3b51b4fd, type: 2}
      propertyPath: m_LocalRotation.z
      value: 0
      objectReference: {fileID: 0}
    - target: {fileID: 4925482411025126, guid: 49ea1dd267cf09a49b51b44a3b51b4fd, type: 2}
      propertyPath: m_LocalRotation.w
      value: 1
      objectReference: {fileID: 0}
    - target: {fileID: 4925482411025126, guid: 49ea1dd267cf09a49b51b44a3b51b4fd, type: 2}
      propertyPath: m_RootOrder
      value: 4
      objectReference: {fileID: 0}
    m_RemovedComponents: []
  m_ParentPrefab: {fileID: 100100000, guid: 49ea1dd267cf09a49b51b44a3b51b4fd, type: 2}
  m_IsPrefabParent: 0
--- !u!114 &1656359490 stripped
MonoBehaviour:
  m_PrefabParentObject: {fileID: 114279916571093072, guid: 1f8d4330a9b3f4047a8bfcf35f5dc13e,
    type: 2}
  m_PrefabInternal: {fileID: 1270026312}
  m_Script: {fileID: 11500000, guid: 80b3d2a71eccf7a4cb005bfab29e2279, type: 3}
--- !u!114 &1770835121 stripped
MonoBehaviour:
  m_PrefabParentObject: {fileID: 114195728965902816, guid: 1f8d4330a9b3f4047a8bfcf35f5dc13e,
    type: 2}
  m_PrefabInternal: {fileID: 1270026312}
  m_Script: {fileID: 11500000, guid: 80b3d2a71eccf7a4cb005bfab29e2279, type: 3}
--- !u!114 &1798893184 stripped
MonoBehaviour:
  m_PrefabParentObject: {fileID: 114942336361706066, guid: 1f8d4330a9b3f4047a8bfcf35f5dc13e,
    type: 2}
  m_PrefabInternal: {fileID: 1270026312}
  m_Script: {fileID: 11500000, guid: 80b3d2a71eccf7a4cb005bfab29e2279, type: 3}
--- !u!1001 &1847684016
Prefab:
  m_ObjectHideFlags: 0
  serializedVersion: 2
  m_Modification:
    m_TransformParent: {fileID: 0}
    m_Modifications:
    - target: {fileID: 4486880597886816, guid: 516c68737aa961441b17270320b9df1c, type: 2}
      propertyPath: m_LocalPosition.x
      value: 2.83
      objectReference: {fileID: 0}
    - target: {fileID: 4486880597886816, guid: 516c68737aa961441b17270320b9df1c, type: 2}
      propertyPath: m_LocalPosition.y
      value: 1.02
      objectReference: {fileID: 0}
    - target: {fileID: 4486880597886816, guid: 516c68737aa961441b17270320b9df1c, type: 2}
      propertyPath: m_LocalPosition.z
      value: 0.22
      objectReference: {fileID: 0}
    - target: {fileID: 4486880597886816, guid: 516c68737aa961441b17270320b9df1c, type: 2}
      propertyPath: m_LocalRotation.x
      value: 0
      objectReference: {fileID: 0}
    - target: {fileID: 4486880597886816, guid: 516c68737aa961441b17270320b9df1c, type: 2}
      propertyPath: m_LocalRotation.y
      value: 0
      objectReference: {fileID: 0}
    - target: {fileID: 4486880597886816, guid: 516c68737aa961441b17270320b9df1c, type: 2}
      propertyPath: m_LocalRotation.z
      value: 0
      objectReference: {fileID: 0}
    - target: {fileID: 4486880597886816, guid: 516c68737aa961441b17270320b9df1c, type: 2}
      propertyPath: m_LocalRotation.w
      value: 1
      objectReference: {fileID: 0}
    - target: {fileID: 4486880597886816, guid: 516c68737aa961441b17270320b9df1c, type: 2}
      propertyPath: m_RootOrder
      value: 5
      objectReference: {fileID: 0}
    m_RemovedComponents: []
  m_ParentPrefab: {fileID: 100100000, guid: 516c68737aa961441b17270320b9df1c, type: 2}
  m_IsPrefabParent: 0
--- !u!1001 &1951001007
Prefab:
  m_ObjectHideFlags: 0
  serializedVersion: 2
  m_Modification:
    m_TransformParent: {fileID: 0}
    m_Modifications:
    - target: {fileID: 4113509060157952, guid: fb9220cdb75aa95479a31cbefd9301de, type: 2}
      propertyPath: m_LocalPosition.x
      value: 0
      objectReference: {fileID: 0}
    - target: {fileID: 4113509060157952, guid: fb9220cdb75aa95479a31cbefd9301de, type: 2}
      propertyPath: m_LocalPosition.y
      value: 0
      objectReference: {fileID: 0}
    - target: {fileID: 4113509060157952, guid: fb9220cdb75aa95479a31cbefd9301de, type: 2}
      propertyPath: m_LocalPosition.z
      value: 0
      objectReference: {fileID: 0}
    - target: {fileID: 4113509060157952, guid: fb9220cdb75aa95479a31cbefd9301de, type: 2}
      propertyPath: m_LocalRotation.x
      value: 0
      objectReference: {fileID: 0}
    - target: {fileID: 4113509060157952, guid: fb9220cdb75aa95479a31cbefd9301de, type: 2}
      propertyPath: m_LocalRotation.y
      value: 0
      objectReference: {fileID: 0}
    - target: {fileID: 4113509060157952, guid: fb9220cdb75aa95479a31cbefd9301de, type: 2}
      propertyPath: m_LocalRotation.z
      value: 0
      objectReference: {fileID: 0}
    - target: {fileID: 4113509060157952, guid: fb9220cdb75aa95479a31cbefd9301de, type: 2}
      propertyPath: m_LocalRotation.w
      value: 1
      objectReference: {fileID: 0}
    - target: {fileID: 4113509060157952, guid: fb9220cdb75aa95479a31cbefd9301de, type: 2}
      propertyPath: m_RootOrder
      value: 3
      objectReference: {fileID: 0}
    - target: {fileID: 1727323917391636, guid: fb9220cdb75aa95479a31cbefd9301de, type: 2}
      propertyPath: m_IsActive
      value: 1
      objectReference: {fileID: 0}
    m_RemovedComponents: []
  m_ParentPrefab: {fileID: 100100000, guid: fb9220cdb75aa95479a31cbefd9301de, type: 2}
  m_IsPrefabParent: 0
